% !Mode:: "TeX:UTF-8"



%%%%%%%%%%%%%%%%%%%%%%%%%%%% New Reference %%%%%%%%%%%%%%%%%%%%%%%%%%%

@mastersthesis{youareright12222,
	title={youareright},
	author={TGA},
	year={2022},
	school={USTB}
}

@mastersthesis{youareright23124,
	title={youareright},
	author={TGA},
	year={2022},
	school={USTB}
}

@mastersthesis{youareright134,
	title={youareright},
	author={TGA},
	year={2022},
	school={USTB}
}

@mastersthesis{youareright124,
	title={youareright},
	author={TGA},
	year={2022},
	school={USTB}
}\\

@mastersthesis{youareright43,
	title={youareright},
	author={TGA},
	year={2022},
	school={USTB}
}

@mastersthesis{youareright55,
	title={youareright},
	author={TGA},
	year={2022},
	school={USTB}
}

@mastersthesis{youareright11,
	title={youareright},
	author={TGA},
	year={2022},
	school={USTB}
}

@mastersthesis{youareright3,
	title={youareright3},
	author={TGA},
	year={2022},
	school={USTB}
}

@mastersthesis{youareright1,
	title={youareright2},
	author={TGA},
	year={2022},
	school={USTB}
}\\

@mastersthesis{youareright2,
	title={youareright1},
	author={TGA},
	year={2022},
	school={USTB}
}

@mastersthesis{youare124right5521,
	title={youareright},
	author={TGA},
	year={2022},
	school={USTB}
}

@mastersthesis{youarerig124ht,
	title={youareright},
	author={TGA},
	year={2022},
	school={USTB}
}
\\
@mastersthesis{youareright12512,
	title={youareright},
	author={TGA},
	year={2022},
	school={USTB}
}

@mastersthesis{youa124reright,
	title={youareright},
	author={TGA},
	year={2022},
	school={USTB}
}

@mastersthesis{youare1124right,
	title={youareright},
	author={TGA},
	year={2022},
	school={USTB}
}

@mastersthesis{youareright,
	title={youareright},
	author={TGA},
	year={2022},
	school={USTB}
}

@mastersthesis{youare2352right,
	title={youareright},
	author={TGA},
	year={2022},
	school={USTB}
}

@Misc{ruright,
	howpublished = {[EB/OL]},
	note = {\url{https://www.youareright.com/} },
	title = {youareright},
	author = {youareright}
}

@Misc{ruright6,
	howpublished = {[EB/OL]},
	note = {\url{https://www.youareright.com/} },
	title = {youareright},
	author = {youareright}
}

@Misc{ruright4,
	howpublished = {[EB/OL]},
	note = {\url{https://www.youareright.com/} },
	title = {youareright},
	author = {youareright}
}
@Misc{ruright3,
	howpublished = {[EB/OL]},
	note = {\url{https://www.youareright.com/} },
	title = {youareright},
	author = {youareright}
}\\
@Misc{ruright2,
	howpublished = {[EB/OL]},
	note = {\url{https://www.youareright.com/} },
	title = {youareright},
	author = {youareright}
}\\
@Misc{ruright1,
	howpublished = {[EB/OL]},
	note = {\url{https://www.youareright.com/} },
	title = {youareright},
	author = {youareright}
}\\
@Misc{ruright5,
	howpublished = {[EB/OL]},
	note = {\url{https://www.youareright.com/} },
	title = {youareright},
	author = {youareright}
}\\


